2860 4834
535 274 785 358 ‘371‘

143 472 393 571 Argonautae
425 501 476 526 -ι
501 464 547 541 de
580 464 674 540 eliis
691 468 763 540 isto
794 492 852 540 res
863 462 959 542 dici
993 468 1055 542 rix
1087 470 1212 568 potuit

23 587 24 654 l
141 631 199 650 --
222 619 288 667 er
283 589 416 692 Lycia
447 581 606 689 profecti
632 591 743 679 (uam
774 587 828 662 ibi
853 605 945 663 'sunt
969 578 1212 664 Chelidoniae

123 729 286 816 petrae,
320 711 479 813 Dionys.
506 709 646 809 Perieg
677 700 760 790 lt&
788 725 872 790 506
900 712 1032 803 Quint
1061 715 1146 815 Smy
1143 741 1210 786 rn.
1286 735 1291 748 “

124 839 216 914 ΠΙ.
245 841 330 916 234.
357 831 490 906 Cellar.
519 834 654 930 Geogr.
679 845 760 922 ,ant
787 829 871 906 V'ol.
896 835 943 904 ΙΙ.
969 861 1004 932 p.
1033 849 1116 914 223.
1128 741 1219 935 ἃειί).
1298 835 1303 856 “

74 944 76 948 .
135 957 200 1031 ad
214 952 480 1060 Symplegades
501 953 715 1050 navigarint
735 950 866 1064 ibique
888 954 1104 1029 invenerint
1119 954 1224 1066 Phi-j
1290 955 1326 974 ”

139 1095 289 1170 neum,
339 1087 471 1175 equo
508 1075 713 1176 mittuntur
748 1075 790 1146 in
829 1075 980 1184 postera
1017 1073 1217 1173 Apollonii

88 1297 93 1302 Ι
139 1199 315 1276 editione
351 1196 407 1270 ads
434 1194 735 1299 Symplegcides,
757 1192 833 1270 hoc
863 1194 993 1272 fuisse.
1012 1197 1055 1272 in
1087 1195 1219 1296 priore:

141 1319 333 1412 editione,
376 1313 492 1418 igitur
522 1316 636 1420 plane
662 1315 786 1393 aliena
812 1316 861 1392 ab
885 1317 931 1392 iis
958 1319 1217 1418 quae'postea·
1345 1332 1347 1344 '

143 1437 314 1542 copiose
320 1441 521 1545 nurrsrit:
552 1437 648 1513 elius
667 1433 820 1532 credat,
847 1455 916 1542 ego
943 1467 1024 1514 non
1045 1437 1217 1522 credam.

107 1646 111 1664 1
142 1557 297 1662 Neque,
313 1562 345 1634 si
364 1578 453 1663 post
472 1561 627 1636 tertium
644 1586 804 1635 versum
801 1503 907 1634 alitis
922 1559 1085 1652 excidit,
1105 1545 1216 1694 quod

141 1708 229 1758 non
250 1686 326 1756 est
333 1680 553 1781 verisimile,
580 1677 800 1758 difficultas
808 1679 874 1756 illa
899 1665 945 1757 de
972 1657 1173 1758 Phineo
1145 1707 1215 1755 ex

143 1805 286 1906 citata
302 1799 503 1877 evau'escit.
578 1803 637 1875 Ex
670 1793 894 1902 Gedgraplro
936 1802 1082 1904 aliquo
1105 1800 1214 1876 locus

145 1897 400 2024 depromptus
434 1923 599 2014 videtur,
633 1924 676 1998 in
708 1950 786 2022 quo
813 1925 906 1998 istae
937 1949 1050 2024 rupes
1076 1937 1118 1994 ut
1146 1949 1237 1995 ex-¹

144 2023 265 2120 tremi
286 2043 389 2116 fines·
405 2043 519 2116 maris
535 2042 971 2143 Aegaeiaiudicabantur.
994 2041 1215 2130 chDiodor.
1302 2033 1305 2044 ’

148 2169 238 2244 Xll.
252 2182 287 2246 3.
305 2174 339 2243 4.
361 2161 550 2240 Plutarch.
572 2167 796 2256 (limones.
848 2161 1121 2259 Ruhnkenium
1141 2190 1214 2238 au-
1298 2141 1301 2156 Ι

144 2306 246 2381 tem,
285 2286 352 2390 qui
377 2287 460 2360 sine
485 2284 564 2359 ulla
590 2283 805 2362 offensione
833 2283 904 2366 hos
937 2313 1065 2363 versus
1091 2284 1215 2386 Apol·
1294 2361 1300 2372 x

145 2406 255 2484 lonio
303 2405 480 2484 ‘addicere
515 2409 698 2507 potuerit,
743 2408 834 2482 satis
876 2408 1005 2481 mirari
1044 2434 1213 2508 neque03

146 2555 281 2606 verum
312 2528 355 2600 in
383 2526 433 2600 iis
459 2527 658 2623 omnibus,
699 2555 796 2630 quae
817 2528 877 2604 ‘de
903 2529 1047 2628 duplici
1079 2555 1214 2602 recen-

148 2639 274 2740 sione,
293 2649 340 2721 ut
360 2648 404 2722 in
431 2635 567 2724 ceteris⁸
587 2648 786 2748 plurimis,
818 2676 915 2751 quae
937 2647 983 2726 de
1006 2646 1214 2749 Apollonio
1301 2643 1304 2657 '

56 2785 61 2793 '
150 2771 521 2876 disputat,1nirilice
546 2769 701 2845 fallitur.
786 2815 789 2822 ‹
904 2811 910 2821 ·

227 2889 303 2968 Sed
328 2890 416 2965 finis
440 2892 697 2990 imponendus
721 2912 776 2972 est
800 2893 891 2971 huic
917 2896 1031 2996 capiti
1055 2910 1102 2970 et·
1121 2894 1219 2968 uni-2

115 3073 119 3080 .
150 3039 279 3089 versae
308 3011 355 3086 de
381 3011 530 3111 duplice
554 3017 777 3090 recensione
802 3015 1108 3117 disputationi
1135 3018 1217 3114 Ego
1273 3075 1276 3095 ,

151 3133 211 3209 his
242 3131 446 3223 omnibus,
490 3157 586 3233 quoe
616 3121 802 3212 hacteuus
836 3137 934 3230 dixi,
974 3134 1049 3212 hoc
1082 3136 1218 3230 saltem
1280 3185 1282 3192 ι

31 3329 34 3342 ,
107 3256 110 3264 ’
155 3231 459 3330 demonstratum
492 3279 572 3329 esse
604 3283 760 3355 spero,
773 3286 862 3332 cum
901 3287 947 3334 ex
974 3259 1124 3336 duabus
1154 3287 1219 3336 re·

77 3445 81 3465 ,
141 3375 397 3452 'censiouibus
434 3375 481 3454 ab
513 3373 722 3476 Apollonio
758 3379 941 3455 institutis
971 3339 1248 3522 posteriorem'
1319 3439 1324 3448 .
1409 3423 1410 3430 ι

105 3518 111 3540 ’
157 3491 256 3590 esse,
288 3523 405 3598 quam
440 3495 554 3574 hodie
583 3495 786 3591 habemus,
810 3503 1017 3613 perspicuis
1043 3518 1218 3581 veterum

157 3617 384 3696 testimoniis
411 3634 576 3710 constet,
604 3604 857 3720 interpolatos
877 3651 1028 3719 versus,
1050 3625 1118 3726 qui
1142 3654 1220 3702 no-

125 3755 278 3815 strum
314 3751 460 3812 textum
502 3739 769 3834 deforment,
788 3743 1033 3845 probabiliter
1066 3747 1219 3823 ulterius
1292 3758 1301 3766 ‘
1406 3811 1408 3818 .

158 3863 184 3935 i.
215 3890 246 3936 e.
279 3859 416 3960 prioris
455 3888 534 3936 esse
566 3864 819 3963 recensionis,
863 3866 1049 3943 deinde
1038 3867 1241 3976 resignes„

127 3977 129 3984 ’
160 4007 255 4084 quos
280 3980 435 4083 plurimi
459 3980 546 4056 libri
572 3979 732 4074 multis
722 3995 763 4060 nt
789 3984 882 4062 locis
909 3979 1091 4122 offerant,
1132 3988 1219 4064 vul

101 4089 135 4180 .’
162 4116 270 4205 gatae
300 4101 474 4178 lectionis
507 4102 738 4182 diversitates
768 4108 885 4206 priori
911 4105 1122 4182 recensioni
1144 4111 1221 4183 im-
