2888 4832
572 284 720 385 379'

152 496 283 587 tuerit,
305 490 462 570 'difficile
487 515 566 566 esse
583 487 794 568 intellectu:
818 489 871 564 'ad
891 490 1094 590 ineptiam,
1121 518 1219 594 quae

150 632 233 690 tum
260 612 548 715 in'Apollonio
561 614 712 705 suisset,
744 637 993 711 provocamus
1024 611 1217 691 lectorem.
1292 667 1293 674 1

151 738 285 814 Priora
325 739 543 842 narraverat
573 749 718 836 poeta
720 732 813 806 ad
800 758 922 833 ipsam
956 759 1036 808 rem
1068 737 1218 814 intento

151 860 302 953 anim03
317 858 411 934 ista
425 873 552 958 autem
576 857 714 956 vidisse
732 856 971 966 Argonautas
993 882 1128 955 parum
1153 889 1237 952 τε·Η

19 1061 20 1078 ¹
150 978 306 1056 serebat
357 981 460 1054 Haec
492 981 541 1056 ad
572 951 818 1056 Brunakium.
855 959 996 1058 Aliam
1029 980 1219 1058 rationem

19 1085 20 1116 ³
146 1100 260 1178 inivit
284 1102 529 1176 Hermannus
563 1101 612 1176 ad
644 1097 822 1200 Orphp
825 1113 953 1180 733.
1029 1100 1101 1174 Cui
1134 1103 1216 1176 viro
1298 1145 1306 1154 ,

151 1221 241 1298 cu'tn
276 1237 446 1322 apertum
479 1227 528 1297 sit
539 1277 552 1316 ‚a
593 1221 707 1300 verba
738 1217 849 1324 Ἥρη
881 1217 960 1324 yu'p
989 1251 1067 1321 μιν
1100 1227 1219 1326 ἔρυκε

150 1335 277 1444 δόμῳ
299 1371 423 1445 neque
461 1374 548 1422 eum
576 1331 900 1419 ¹antecedentibus
941 1372 994 1421 vs.
1037 1354 1120 1424 248.
1161 1373 1219 1446 sq.

149 1485 275 1566 nsque
307 1491 394 1540 curn
431 1463 753 1568 consequentibus
786 1474 886 1569 πρὶν
918 1459 953 1544 d’
977 1463 1047 1545 ἔτι
1079 1463 1226 1568 dritta-¹

116 1683 120 1690 ¹
153 1587 237 1678 ζεν,
281 1587 417 1688 quibus
456 1584 725 1689 praeponenda
759 1590 886 1685 potius
913 1615 1030 1690 quam
1055 1603 1217 1690 postpo-

152 1707 280 1784 nenda
312 1709 492 1802 fuissent,
531 1703 619 1782 ullo·
651 1707 768 1784 modo
801 1708 1019 1804 cohaerere,
1057 1707 1218 1787 molesta

152 1831 225 1906 ista
256 1829 371 1906 verba
403 1859 446 1905 ex
484 1832 608 1931 priore
636 1830 801 1904 editione
826 1818 972 1906 intrusa
998 1833 1218 1934 posterioris
1329 1875 1333 1888 ·

151 1952 326 2059 genuina
350 1948 437 2044 loco
471 1979 541 2025 suo
573 1951 781 2026 demovisse
809 1949 1049 2057 arbitratur.¹
1098 1953 1219 2029 Nobis

152 2097 240 2150 cum
267 2099 348 2163 non
383 2071 513 2146 itidem
538 2087 709 2172 apertum
734 2068 798 2161 sit,
826 2065 934 2146 aliter
957 2074 1003 2148 dc
1030 2071 1217 2153 hocloco

87 2181 89 2189 ¹
130 2155 407 2314 ‘statuendum
433 2193 592 2276 videtur
650 2195 734 2266 Hoc
761 2191 893 2267 voluit
907 2190 1136 2294 Apollonius
1167 2213 1218 2292 et,

152 2320 195 2394 ui
220 2317 350 2400 fallor,
383 2316 471 2389 satis
491 2315 694 2424 perspicue
727 2316 925 2447 expressit:
979 2311 1185 2410 „Medea
1173 2349 1217 2396 1n
1271 2326 1281 2334 “

66 2519 73 2532 ,
151 2409 277 2516 domo
294 2435 513 2513 ambulabat
537 2463 707 2512 sororem
731 2463 934 2536 quaereus3
960 2466 1052 2513 nam
1074 2442 1115 2515 in
1120 2441 1216 2516 do-

152 2586 218 2636 mo
243 2575 328 2634 tum
353 2574 499 2634 retenta
524 2560 597 2633 suit
623 2583 645 2629 a
660 2559 835 2663 Iunone,
871 2587 1095 2662 quanquam
1122 2564 1215 2640 alias

153 2684 303 2782 saepius
324 2665 556 2782 extrinsecus
574 2707 691 2782 quam
705 2683 807 2753 intus
822 2679 1084 2758 versabaturf‘
1132 2690 1215 2760 lam

153 2820 359 2912 transpone
385 2802 516 2897 verba,
545 2818 589 2877 ut
615 2804 737 2878 facere
763 2801 1145 2904 debuitApollonius
1169 2785 1214 2882 err

152 2909 364 3001 Hermanni
391 2927 598 3049 sententia3
624 2915 726 3018 tum,
767 2925 871 3026 quod
896 2953 1002 3001 nunc
1027 2928 1217 3004 antecedit
1264 2987 1267 2996 .

152 3063 191 3124 et
212 3045 400 3120 antecedit
424 3043 652 3138 necessario,
680 3045 832 3148 dempta
857 3043 1127 3125 consecutione
1144 3052 1215 3128 de-

154 3198 235 3246 nuo
262 3165 428 3268 suppleri
454 3167 693 3278 oportebit
701 3170 870 3245 Medea
859 3197 901 3244 ιιι
934 3170 1049 3246 domo
1076 3171 1216 3248 ambu-

154 3291 257 3398 labat
289 3317 460 3366 sororem
496 3317 709 3393 quaerens3
753 3279 845 3366 alias
878 3320 964 3367 raro
999 3294 1105 3370 domi
1128 3295 1215 3390 fuit,
1301 3277 1329 3332 Ἰ

130 3415 229 3490 xsed
242 3417 321 3512 (int.
355 3428 436 3487 tum
468 3414 542 3488 fuit
567 3413 689 3509 domi,
735 3413 840 3517 quia)
867 3417 966 3489 luno
999 3419 1083 3500 dam
1109 3416 1215 3530 domi
1282 3471 1302 3518 ⁴„
1422 3461 1424 3472 ν

152 3537 318 3614 retinuit.
368 3540 511 3611 Verum
537 3534 672 3637 longus
699 3563 803 3626 sum,
831 3531 895 3610 ubi
920 3565 1002 3612 non
1018 3539 1091 3612 fuit
1105 3566 1215 3640 opus,

150 3656 341 3751 cumbis,
372 3674 415 3731 ut
436 3655 626 3758 pluribus,
669 3659 833 3761 quaein
859 3659 931 3735 isto
957 3659 1059 3740 libro
1081 3662 1215 3761 attigit,

152 3784 216 3857 vir
250 3781 591 3881 praestantissimus
630 3777 907 3854 defunctoriam
947 3809 1101 3883 operam
1144 3782 1215 3857 de·-
1262 3817 1264 3822 ·

118 3887 259 4006 [derit.
310 3907 418 3978 Patet
442 3903 484 3977 in
508 3900 659 4001 vulgata
684 3899 848 3978 lectione
862 3903 952 4007 satis
972 3893 1120 3981 bonum
1133 3928 1214 3979 esse

152 4019 326 4121 sensum3
368 4040 535 4105 attamen
561 4022 730 4122 ingratus
755 4018 881 4100 hiatus
917 4043 954 4116 et
978 4005 1101 4102 multo
1127 4017 1217 4100 ma·-

88 4237 93 4244 ,
152 4147 208 4248 gis
244 4129 427 4226 Codicum
468 4145 706 4261 diversitates
737 4145 804 4232 ;ad·
838 4173 921 4222 eam
957 4169 1028 4222 nos
1069 4143 1215 4225 ducunt

472 4374 478 4412 t
